@InProceedings{Liao_2013_CVPR,
author = {Zicheng Liao and Jason Rock and Yang Wang and David Forsyth},
title = {Non-parametric Filtering for Geometric Detail Extraction and Material Representation},
journal = {The IEEE Conference on Computer Vision and Pattern Recognition (CVPR)},
month = {June},
year = {2013}
}