@InProceedings{Liao_2013_CVPR,
author = {Zicheng Liao and Jason Rock and Yang Wang and David Forsyth},
title = {Non-parametric Filtering for Geometric Detail Extraction and Material Representation},
journal = {The IEEE Conference on Computer Vision and Pattern Recognition (CVPR)},
month = {June},
year = {2013}
}

@article{Lowe_2004_SIFT,
author = {Lowe, David G.},
title = {Distinctive Image Features from Scale-Invariant Keypoints},
journal = {Int. J. Comput. Vision},
issue_date = {November 2004},
volume = {60},
number = {2},
month = nov,
year = {2004},
issn = {0920-5691},
pages = {91--110},
numpages = {20},
url = {http://dx.doi.org/10.1023/B:VISI.0000029664.99615.94},
doi = {10.1023/B:VISI.0000029664.99615.94},
acmid = {996342},
publisher = {Kluwer Academic Publishers},
address = {Hingham, MA, USA},
keywords = {image matching, invariant features, object recognition, scale invariance},
} 

@ARTICLE{Lloyd_1982_LSQ,
author = {Stuart P. Lloyd},
title = {Least squares quantization in pcm},
journal = {IEEE Transactions on Information Theory},
year = {1982},
volume = {28},
pages = {129--137}
}

@INPROCEEDINGS{Vapnik_1995_SVMs,
author = {Corinna Cortes and Vladimir Vapnik},
title = {Support-Vector Networks},
booktitle = {Machine Learning},
year = {1995},
pages = {273--297}
}

@ONLINE{Johnson_2002_MPS,
title = {{MATLAB} Programming Style Guidelines},
author = {Johnson, Richard},
month = oct,
year = {2002},
url = {http://www.mathworks.com/matlabcentral/fileexchange/2529}
}

@inproceedings{Vedaldi_2010_VLFEAT,
author = {Vedaldi, Andrea and Fulkerson, Brian},
title = {Vlfeat: An Open and Portable Library of Computer Vision Algorithms},
booktitle = {Proceedings of the International Conference on Multimedia},
series = {MM '10},
year = {2010},
isbn = {978-1-60558-933-6},
location = {Firenze, Italy},
pages = {1469--1472},
numpages = {4},
url = {http://doi.acm.org/10.1145/1873951.1874249},
doi = {10.1145/1873951.1874249},
acmid = {1874249},
publisher = {ACM},
address = {New York, NY, USA},
keywords = {computer vision, image classification, object recognition, visual features},
} 